@MISC{mycryptopedia:segwit,
  author = {Mycryptopedia},
  title = {{What is Segregated Witness?}},
  HOWPUBLISHED = {Online-Quelle.},
  note = "<\url{https://www.mycryptopedia.com/what-is-segregated-witness/}>, Zuletzt gesichtet am 22.06.2020"
}

@MISC{mycryptopedia:txid,
  author = {Mycryptopedia},
  title = {{TXID (Transaction Identifier) Explained}},
  HOWPUBLISHED = {Online-Quelle.},
  note = "<\url{https://www.mycryptopedia.com/txid-transaction-identifier-explained/}>, Zuletzt gesichtet am 22.06.2020"
}

@MISC{mycryptopedia:malleability,
  author = {Mycryptopedia},
  title = {{Transaction Malleability Explained}},
  HOWPUBLISHED = {Online-Quelle.},
  note = "<\url{https://www.mycryptopedia.com/transaction-malleability-explained/#:~:text=Transaction\%20malleability\%20is\%20the\%20process,to\%20reference\%20a\%20bitcoin\%20transaction.}>, Zuletzt gesichtet am 22.06.2020"
}

@InProceedings{springer:malleability_and_mtgox,
author="Decker, Christian
and Wattenhofer, Roger",
editor="Kuty{\l}owski, Miros{\l}aw
and Vaidya, Jaideep",
title="Bitcoin Transaction Malleability and MtGox",
booktitle="Computer Security - ESORICS 2014",
year="2014",
publisher="Springer International Publishing",
address="Cham",
pages="313--326",
isbn="978-3-319-11212-1"
}

@Inbook{Singh2020,
author="Singh, Amritraj
and Parizi, Reza M.
and Han, Meng
and Dehghantanha, Ali
and Karimipour, Hadis
and Choo, Kim-Kwang Raymond",
editor="Choo, Kim-Kwang Raymond
and Dehghantanha, Ali
and Parizi, Reza M.",
title="Public Blockchains Scalability: An Examination of Sharding and Segregated Witness",
bookTitle="Blockchain Cybersecurity, Trust and Privacy",
year="2020",
publisher="Springer International Publishing",
address="Cham",
pages="203--232",
isbn="978-3-030-38181-3",
doi="10.1007/978-3-030-38181-3_11",
url="https://doi.org/10.1007/978-3-030-38181-3_11"
}



